@ARTICLE{KS,
   author = {{Kaiser}, N. and {Squires}, G.},
    title = "{Mapping the dark matter with weak gravitational lensing}",
  journal = {\apj},
 keywords = {Cosmology, Dark Matter, Galactic Clusters, Gravitational Lenses, Ellipticity, Galactic Mass, Mass Distribution},
     year = 1993,
    month = feb,
   volume = 404,
    pages = {441-450},
      doi = {10.1086/172297},
   adsurl = {http://ads.ari.uni-heidelberg.de/abs/1993ApJ...404..441K},
  adsnote = {Provided by the SAO/NASA Astrophysics Data System}
}

@ARTICLE{Petri2013,
   author = {{Petri}, A. and {Haiman}, Z. and {Hui}, L. and {May}, M. and 
	{Kratochvil}, J.~M.},
    title = "{Cosmology with Minkowski functionals and moments of the weak lensing convergence field}",
  journal = {\prd},
archivePrefix = "arXiv",
   eprint = {astro-ph/1309.4460},
 primaryClass = "astro-ph.CO",
 keywords = {Astrophysics - Cosmology and Extragalactic Astrophysics},
     year = 2013,
    month = dec,
    volume= 88,
    number= 12,
    doi={10.1103/PhysRevD.88.123002},
   adsurl = {http://adsabs.harvard.edu/abs/2013arXiv1309.4460P},
  adsnote = {Provided by the SAO/NASA Astrophysics Data System}
}

@ARTICLE{MinkJan,
   author = {{Kratochvil}, J.~M. and {Lim}, E.~A. and {Wang}, S. and {Haiman}, Z. and 
  {May}, M. and {Huffenberger}, K.},
    title = "{Probing cosmology with weak lensing Minkowski functionals}",
  journal = {\prd},
archivePrefix = "arXiv",
   eprint = {1109.6334},
 primaryClass = "astro-ph.CO",
 keywords = {Cosmology, Dark energy, Superclusters; large-scale structure of the Universe},
     year = 2012,
    month = may,
   volume = 85,
   number = 10,
      eid = {103513},
    pages = {103513},
      doi = {10.1103/PhysRevD.85.103513},
   adsurl = {http://adsabs.harvard.edu/abs/2012PhRvD..85j3513K},
  adsnote = {Provided by the SAO/NASA Astrophysics Data System}
}

@ARTICLE{Munshi12,
   author = {{Munshi}, D. and {van Waerbeke}, L. and {Smidt}, J. and {Coles}, P.
  },
    title = "{From weak lensing to non-Gaussianity via Minkowski functionals}",
  journal = {\mnras},
archivePrefix = "arXiv",
   eprint = {1103.1876},
 primaryClass = "astro-ph.CO",
 keywords = {gravitational lensing: weak, methods: analytical, methods: numerical, methods: statistical, cosmology: theory, large-scale structure of Universe},
     year = 2012,
    month = jan,
   volume = 419,
    pages = {536-555},
      doi = {10.1111/j.1365-2966.2011.19718.x},
   adsurl = {http://adsabs.harvard.edu/abs/2012MNRAS.419..536M},
  adsnote = {Provided by the SAO/NASA Astrophysics Data System}
}

@ARTICLE{Matsubara10,
   author = {{Matsubara}, T.},
    title = "{Analytic Minkowski functionals of the cosmic microwave background: Second-order non-Gaussianity with bispectrum and trispectrum}",
  journal = {\prd},
archivePrefix = "arXiv",
   eprint = {1001.2321},
 primaryClass = "astro-ph.CO",
 keywords = {Cosmology, Background radiations, Observational cosmology, Mathematical and relativistic aspects of cosmology},
     year = 2010,
    month = apr,
   volume = 81,
   number = 8,
      eid = {083505},
    pages = {083505},
      doi = {10.1103/PhysRevD.81.083505},
   adsurl = {http://adsabs.harvard.edu/abs/2010PhRvD..81h3505M},
  adsnote = {Provided by the SAO/NASA Astrophysics Data System}
}

@ARTICLE{CFHTFu,
   author = {{Fu}, L. and {Kilbinger}, M. and {Erben}, T. and {Heymans}, C. and 
  {Hildebrandt}, H. and {Hoekstra}, H. and {Kitching}, T.~D. and 
  {Mellier}, Y. and {Miller}, L. and {Semboloni}, E. and {Simon}, P. and 
  {Van Waerbeke}, L. and {Coupon}, J. and {Harnois-D{\'e}raps}, J. and 
  {Hudson}, M.~J. and {Kuijken}, K. and {Rowe}, B. and {Schrabback}, T. and 
  {Vafaei}, S. and {Velander}, M.},
    title = "{CFHTLenS: cosmological constraints from a combination of cosmic shear two-point and three-point correlations}",
  journal = {\mnras},
archivePrefix = "arXiv",
   eprint = {1404.5469},
 keywords = {methods: statistical, cosmological parameters},
     year = 2014,
    month = jul,
   volume = 441,
    pages = {2725-2743},
      doi = {10.1093/mnras/stu754},
   adsurl = {http://adsabs.harvard.edu/abs/2014MNRAS.441.2725F},
  adsnote = {Provided by the SAO/NASA Astrophysics Data System}
}

@ARTICLE{coyote2,
   author = {{Heitmann}, K. and {Higdon}, D. and {White}, M. and {Habib}, S. and 
  {Williams}, B.~J. and {Lawrence}, E. and {Wagner}, C.},
    title = "{The Coyote Universe. II. Cosmological Models and Precision Emulation of the Nonlinear Matter Power Spectrum}",
  journal = {\apj},
archivePrefix = "arXiv",
   eprint = {0902.0429},
 primaryClass = "astro-ph.CO",
 keywords = {large-scale structure of universe, methods: statistical},
     year = 2009,
    month = nov,
   volume = 705,
    pages = {156-174},
      doi = {10.1088/0004-637X/705/1/156},
   adsurl = {http://adsabs.harvard.edu/abs/2009ApJ...705..156H},
  adsnote = {Provided by the SAO/NASA Astrophysics Data System}
}

@Misc{scipy,
  author =    {Eric Jones and Travis Oliphant and Pearu Peterson and others},
  title =     {{SciPy}: Open source scientific tools for {Python}},
  year =      {2001--},
  url = "http://www.scipy.org/"
  }

@ARTICLE{Gadget2,
   author = {{Springel}, V.},
    title = "{The cosmological simulation code GADGET-2}",
  journal = {\mnras},
   eprint = {astro-ph/0505010},
 keywords = {methods: numerical, galaxies: interactions, dark matter},
     year = 2005,
    month = dec,
   volume = 364,
    pages = {1105-1134},
      doi = {10.1111/j.1365-2966.2005.09655.x},
   adsurl = {http://adsabs.harvard.edu/abs/2005MNRAS.364.1105S},
  adsnote = {Provided by the SAO/NASA Astrophysics Data System}
}

@ARTICLE{RayTracingJain,
   author = {{Jain}, B. and {Seljak}, U. and {White}, S.},
    title = "{Ray-tracing Simulations of Weak Lensing by Large-Scale Structure}",
  journal = {\apj},
   eprint = {astro-ph/9901191},
 keywords = {COSMOLOGY: THEORY, COSMOLOGY: GRAVITATIONAL LENSING, METHODS: NUMERICAL},
     year = 2000,
    month = feb,
   volume = 530,
    pages = {547-577},
      doi = {10.1086/308384},
   adsurl = {http://adsabs.harvard.edu/abs/2000ApJ...530..547J},
  adsnote = {Provided by the SAO/NASA Astrophysics Data System}
}

@ARTICLE{RayTracingHartlap,
   author = {{Hilbert}, S. and {Hartlap}, J. and {White}, S.~D.~M. and {Schneider}, P.
  },
    title = "{Ray-tracing through the Millennium Simulation: Born corrections and lens-lens coupling in cosmic shear and galaxy-galaxy lensing}",
  journal = {\aap},
archivePrefix = "arXiv",
   eprint = {0809.5035},
 keywords = {gravitational lensing, dark matter, large-scale structure of Universe, cosmology: theory, methods: numerical},
     year = 2009,
    month = may,
   volume = 499,
    pages = {31-43},
      doi = {10.1051/0004-6361/200811054},
   adsurl = {http://adsabs.harvard.edu/abs/2009A%26A...499...31H},
  adsnote = {Provided by the SAO/NASA Astrophysics Data System}
}

@ARTICLE{SExtractor,
   author = {{Erben}, T. and {Hildebrandt}, H. and {Miller}, L. and {van Waerbeke}, L. and 
  {Heymans}, C. and {Hoekstra}, H. and {Kitching}, T.~D. and {Mellier}, Y. and 
  {Benjamin}, J. and {Blake}, C. and {Bonnett}, C. and {Cordes}, O. and 
  {Coupon}, J. and {Fu}, L. and {Gavazzi}, R. and {Gillis}, B. and 
  {Grocutt}, E. and {Gwyn}, S.~D.~J. and {Holhjem}, K. and {Hudson}, M.~J. and 
  {Kilbinger}, M. and {Kuijken}, K. and {Milkeraitis}, M. and 
  {Rowe}, B.~T.~P. and {Schrabback}, T. and {Semboloni}, E. and 
  {Simon}, P. and {Smit}, M. and {Toader}, O. and {Vafaei}, S. and 
  {van Uitert}, E. and {Velander}, M.},
    title = "{CFHTLenS: the Canada-France-Hawaii Telescope Lensing Survey - imaging data and catalogue products}",
  journal = {\mnras},
archivePrefix = "arXiv",
   eprint = {1210.8156},
 primaryClass = "astro-ph.CO",
 keywords = {methods: data analysis, cosmology: observations},
     year = 2013,
    month = aug,
   volume = 433,
    pages = {2545-2563},
      doi = {10.1093/mnras/stt928},
   adsurl = {http://adsabs.harvard.edu/abs/2013MNRAS.433.2545E},
  adsnote = {Provided by the SAO/NASA Astrophysics Data System}
}

@ARTICLE{PhotoCode,
   author = {{Hildebrandt}, H. and {Erben}, T. and {Kuijken}, K. and {van Waerbeke}, L. and 
  {Heymans}, C. and {Coupon}, J. and {Benjamin}, J. and {Bonnett}, C. and 
  {Fu}, L. and {Hoekstra}, H. and {Kitching}, T.~D. and {Mellier}, Y. and 
  {Miller}, L. and {Velander}, M. and {Hudson}, M.~J. and {Rowe}, B.~T.~P. and 
  {Schrabback}, T. and {Semboloni}, E. and {Ben{\'{\i}}tez}, N.
  },
    title = "{CFHTLenS: improving the quality of photometric redshifts with precision photometry}",
  journal = {\mnras},
archivePrefix = "arXiv",
   eprint = {1111.4434},
 primaryClass = "astro-ph.CO",
 keywords = {galaxies: abundances, galaxies: high-redshift, galaxies: photometry},
     year = 2012,
    month = apr,
   volume = 421,
    pages = {2355-2367},
      doi = {10.1111/j.1365-2966.2012.20468.x},
   adsurl = {http://adsabs.harvard.edu/abs/2012MNRAS.421.2355H},
  adsnote = {Provided by the SAO/NASA Astrophysics Data System}
}

@ARTICLE{cfht1,
   author = {{Heymans}, C. and {Van Waerbeke}, L. and {Miller}, L. and {Erben}, T. and 
  {Hildebrandt}, H. and {Hoekstra}, H. and {Kitching}, T.~D. and 
  {Mellier}, Y. and {Simon}, P. and {Bonnett}, C. and {Coupon}, J. and 
  {Fu}, L. and {Harnois D{\'e}raps}, J. and {Hudson}, M.~J. and 
  {Kilbinger}, M. and {Kuijken}, K. and {Rowe}, B. and {Schrabback}, T. and 
  {Semboloni}, E. and {van Uitert}, E. and {Vafaei}, S. and {Velander}, M.
  },
    title = "{CFHTLenS: the Canada-France-Hawaii Telescope Lensing Survey}",
  journal = {\mnras},
archivePrefix = "arXiv",
   eprint = {1210.0032},
 primaryClass = "astro-ph.CO",
 keywords = {gravitational lensing: weak, cosmology: observations},
     year = 2012,
    month = nov,
   volume = 427,
    pages = {146-166},
      doi = {10.1111/j.1365-2966.2012.21952.x},
   adsurl = {http://adsabs.harvard.edu/abs/2012MNRAS.427..146H},
  adsnote = {Provided by the SAO/NASA Astrophysics Data System}
}

@ARTICLE{cfht2,
   author = {{Miller}, L. and {Heymans}, C. and {Kitching}, T.~D. and {van Waerbeke}, L. and 
  {Erben}, T. and {Hildebrandt}, H. and {Hoekstra}, H. and {Mellier}, Y. and 
  {Rowe}, B.~T.~P. and {Coupon}, J. and {Dietrich}, J.~P. and 
  {Fu}, L. and {Harnois-D{\'e}raps}, J. and {Hudson}, M.~J. and 
  {Kilbinger}, M. and {Kuijken}, K. and {Schrabback}, T. and {Semboloni}, E. and 
  {Vafaei}, S. and {Velander}, M.},
    title = "{Bayesian galaxy shape measurement for weak lensing surveys - III. Application to the Canada-France-Hawaii Telescope Lensing Survey}",
  journal = {\mnras},
archivePrefix = "arXiv",
   eprint = {1210.8201},
 primaryClass = "astro-ph.CO",
 keywords = {gravitational lensing: weak, methods: data analysis, methods: statistical, cosmology: observations},
     year = 2013,
    month = mar,
   volume = 429,
    pages = {2858-2880},
      doi = {10.1093/mnras/sts454},
   adsurl = {http://adsabs.harvard.edu/abs/2013MNRAS.429.2858M},
  adsnote = {Provided by the SAO/NASA Astrophysics Data System}
}

@ARTICLE{CFHTKilbinger,
   author = {{Kilbinger}, M. and {Fu}, L. and {Heymans}, C. and {Simpson}, F. and 
  {Benjamin}, J. and {Erben}, T. and {Harnois-D{\'e}raps}, J. and 
  {Hoekstra}, H. and {Hildebrandt}, H. and {Kitching}, T.~D. and 
  {Mellier}, Y. and {Miller}, L. and {Van Waerbeke}, L. and {Benabed}, K. and 
  {Bonnett}, C. and {Coupon}, J. and {Hudson}, M.~J. and {Kuijken}, K. and 
  {Rowe}, B. and {Schrabback}, T. and {Semboloni}, E. and {Vafaei}, S. and 
  {Velander}, M.},
    title = "{CFHTLenS: combined probe cosmological model comparison using 2D weak gravitational lensing}",
  journal = {\mnras},
archivePrefix = "arXiv",
   eprint = {1212.3338},
 primaryClass = "astro-ph.CO",
 keywords = {methods: statistical, cosmological parameters},
     year = 2013,
    month = apr,
   volume = 430,
    pages = {2200-2220},
      doi = {10.1093/mnras/stt041},
   adsurl = {http://adsabs.harvard.edu/abs/2013MNRAS.430.2200K},
  adsnote = {Provided by the SAO/NASA Astrophysics Data System}
}

@ARTICLE{CFHTMasato,
   author = {{Shirasaki}, M. and {Yoshida}, N.},
    title = "{Statistical and Systematic Errors in the Measurement of Weak-Lensing Minkowski Functionals: Application to the Canada-France-Hawaii Lensing Survey}",
  journal = {\apj},
archivePrefix = "arXiv",
   eprint = {1312.5032},
 keywords = {gravitational lensing: weak },
     year = 2014,
    month = may,
   volume = 786,
      eid = {43},
    pages = {43},
      doi = {10.1088/0004-637X/786/1/43},
   adsurl = {http://adsabs.harvard.edu/abs/2014ApJ...786...43S},
  adsnote = {Provided by the SAO/NASA Astrophysics Data System}
}

@ARTICLE{Companion,
   author = {{Liu}, J. and {Petri}, A. and {Haiman}, Z. and {Hui}, L. and 
  {Kratochvil}, J.~M. and {May}, M.},
    title = "{Cosmology Constraints from the Weak Lensing Peak Counts and the Power Spectrum in CFHTLenS}",
  journal = {ArXiv e-prints},
archivePrefix = "arXiv",
   eprint = {1412.0757},
 keywords = {Astrophysics - Cosmology and Nongalactic Astrophysics},
     year = 2014,
    month = dec,
   adsurl = {http://adsabs.harvard.edu/abs/2014arXiv1412.0757L},
  adsnote = {Provided by the SAO/NASA Astrophysics Data System}
}

@BOOK{astroMLText,
 title={Statistics, Data Mining and Machine Learning in Astronomy},
 author={{Ivezi{\'c}}, {\v Z}. and {Connolly}, A.J.
         and {Vanderplas}, J.T. and {Gray}, A.},
 publisher={Princeton University Press},
 location={Princeton, NJ},
 year={2014}
}

@ARTICLE{VplasInterpolation,
   author = {{VanderPlas}, J.~T. and {Connolly}, A.~J. and {Jain}, B. and 
  {Jarvis}, M.},
    title = "{Interpolating Masked Weak-lensing Signal with Karhunen-Lo{\`e}ve Analysis}",
  journal = {\apj},
archivePrefix = "arXiv",
   eprint = {1109.5175},
 primaryClass = "astro-ph.CO",
 keywords = {dark matter, gravitational lensing: weak, large-scale structure of universe},
     year = 2012,
    month = jan,
   volume = 744,
      eid = {180},
    pages = {180},
      doi = {10.1088/0004-637X/744/2/180},
   adsurl = {http://adsabs.harvard.edu/abs/2012ApJ...744..180V},
  adsnote = {Provided by the SAO/NASA Astrophysics Data System}
}

@ARTICLE{PetriSpurious,
   author = {{Petri}, A. and {May}, M. and {Haiman}, Z. and {Kratochvil}, J.~M.
  },
    title = "{The impact of spurious shear on cosmological parameter estimates from weak lensing observables}",
  journal = {ArXiv e-prints},
archivePrefix = "arXiv",
   eprint = {1409.5130},
 keywords = {Astrophysics - Cosmology and Nongalactic Astrophysics},
     year = 2014,
    month = sep,
   adsurl = {http://adsabs.harvard.edu/abs/2014arXiv1409.5130P},
  adsnote = {Provided by the SAO/NASA Astrophysics Data System}
}

@ARTICLE{PlanckXVI2013,
   author = {{Planck Collaboration} and {Ade}, P.~A.~R. and {Aghanim}, N. and 
  {Armitage-Caplan}, C. and {Arnaud}, M. and {Ashdown}, M. and 
  {Atrio-Barandela}, F. and {Aumont}, J. and {Baccigalupi}, C. and 
  {Banday}, A.~J. and et al.},
    title = "{Planck 2013 results. XVI. Cosmological parameters}",
  journal = {ArXiv e-prints},
archivePrefix = "arXiv",
   eprint = {1303.5076},
 primaryClass = "astro-ph.CO",
 keywords = {Astrophysics - Cosmology and Extragalactic Astrophysics},
     year = 2013,
    month = mar,
   adsurl = {http://adsabs.harvard.edu/abs/2013arXiv1303.5076P},
  adsnote = {Provided by the SAO/NASA Astrophysics Data System}
}

%%%%%%%%%%%%%%%%%%%%%%%%%%%%%%%%%%%%%%%%%%%%%%%%%%%%%%%%%%%%%%%%%%%%%%%%%%%%%%
%%%%%%%%%%%%%%%%%%%%%%%%%%%%Higher moments%%%%%%%%%%%%%%%%%%%%%%%%%%%%%%%%%%%%
%%%%%%%%%%%%%%%%%%%%%%%%%%%%%%%%%%%%%%%%%%%%%%%%%%%%%%%%%%%%%%%%%%%%%%%%%%%%%%

@ARTICLE{moments1,
   author = {{Bernardeau}, F. and {van Waerbeke}, L. and {Mellier}, Y.},
    title = "{Weak lensing statistics as a probe of $\{$OMEGA$\}$ and power spectrum.}",
  journal = {\aap},
   eprint = {astro-ph/9609122},
 keywords = {COSMOLOGY: DARK MATTER, LARGE-SCALE STRUCTURES, GRAVITATIONAL LENSING},
     year = 1997,
    month = jun,
   volume = 322,
    pages = {1-18},
   adsurl = {http://adsabs.harvard.edu/abs/1997A%26A...322....1B},
  adsnote = {Provided by the SAO/NASA Astrophysics Data System}
}

@ARTICLE{moments2,
   author = {{Hui}, L.},
    title = "{Weighing the Cosmological Energy Contents with Weak Gravitational Lensing}",
  journal = {\apjl},
   eprint = {astro-ph/9902275},
 keywords = {COSMOLOGY: THEORY, COSMOLOGY: GRAVITATIONAL LENSING, COSMOLOGY: LARGE-SCALE STRUCTURE OF UNIVERSE, Cosmology: Theory, Cosmology: Gravitational Lensing, Cosmology: Large-Scale Structure of Universe},
     year = 1999,
    month = jul,
   volume = 519,
    pages = {L9-L12},
      doi = {10.1086/312095},
   adsurl = {http://adsabs.harvard.edu/abs/1999ApJ...519L...9H},
  adsnote = {Provided by the SAO/NASA Astrophysics Data System}
}

@ARTICLE{moments3,
   author = {{Van Waerbeke}, L. and {Hamana}, T. and {Scoccimarro}, R. and 
  {Colombi}, S. and {Bernardeau}, F.},
    title = "{Weak lensing predictions at intermediate scales}",
  journal = {\mnras},
   eprint = {astro-ph/0009426},
 keywords = {GRAVITATIONAL LENSING, LARGE-SCALE STRUCTURE OF UNIVERSE},
     year = 2001,
    month = apr,
   volume = 322,
    pages = {918-926},
      doi = {10.1046/j.1365-8711.2001.04241.x},
   adsurl = {http://adsabs.harvard.edu/abs/2001MNRAS.322..918V},
  adsnote = {Provided by the SAO/NASA Astrophysics Data System}
}

@ARTICLE{moments4,
   author = {{Takada}, M. and {Jain}, B.},
    title = "{The kurtosis of the cosmic shear field}",
  journal = {\mnras},
   eprint = {astro-ph/0205055},
 keywords = {gravitational lensing, cosmology: theory, large-scale structure of Universe},
     year = 2002,
    month = dec,
   volume = 337,
    pages = {875-894},
      doi = {10.1046/j.1365-8711.2002.05972.x},
   adsurl = {http://adsabs.harvard.edu/abs/2002MNRAS.337..875T},
  adsnote = {Provided by the SAO/NASA Astrophysics Data System}
}

@ARTICLE{moments5,
   author = {{Zaldarriaga}, M. and {Scoccimarro}, R.},
    title = "{Higher Order Moments of the Cosmic Shear and Other Spin-2 Fields}",
  journal = {\apj},
   eprint = {astro-ph/0208075},
 keywords = {Cosmology: Cosmic Microwave Background, Cosmology: Theory, Cosmology: Gravitational Lensing, Cosmology: Large-Scale Structure of Universe},
     year = 2003,
    month = feb,
   volume = 584,
    pages = {559-565},
      doi = {10.1086/345789},
   adsurl = {http://adsabs.harvard.edu/abs/2003ApJ...584..559Z},
  adsnote = {Provided by the SAO/NASA Astrophysics Data System}
}

@ARTICLE{moments6,
   author = {{Kilbinger}, M. and {Schneider}, P.},
    title = "{Cosmological parameters from combined second- and third-order aperture mass statistics of cosmic shear}",
  journal = {\aap},
   eprint = {astro-ph/0505581},
 keywords = {cosmology: large-scale structure of Universe, gravitational lensing, cosmology: cosmological parameters},
     year = 2005,
    month = oct,
   volume = 442,
    pages = {69-83},
      doi = {10.1051/0004-6361:20053531},
   adsurl = {http://adsabs.harvard.edu/abs/2005A%26A...442...69K},
  adsnote = {Provided by the SAO/NASA Astrophysics Data System}
}

%%%%%%%%%%%%%%%%%%%%%%%%%%%%%%%%%%%%%%%%%%%%%%%%%%%%%%%%%%%%%%%%%%%%%%%%%%%%%%
%%%%%%%%%%%%%%%%%%%%%%%%%%%%3PCF%%%%%%%%%%%%%%%%%%%%%%%%%%%%%%%%%%%%%%%%%%%%%%
%%%%%%%%%%%%%%%%%%%%%%%%%%%%%%%%%%%%%%%%%%%%%%%%%%%%%%%%%%%%%%%%%%%%%%%%%%%%%%

@ARTICLE{3pcf1,
   author = {{Takada}, M. and {Jain}, B.},
    title = "{Three-point correlations in weak lensing surveys: model predictions and applications}",
  journal = {\mnras},
   eprint = {astro-ph/0304034},
 keywords = {gravitational lensing, cosmology: theory, large-scale structure of Universe},
     year = 2003,
    month = sep,
   volume = 344,
    pages = {857-886},
      doi = {10.1046/j.1365-8711.2003.06868.x},
   adsurl = {http://adsabs.harvard.edu/abs/2003MNRAS.344..857T},
  adsnote = {Provided by the SAO/NASA Astrophysics Data System}
}

@ARTICLE{3pcf2,
   author = {{Vafaei}, S. and {Lu}, T. and {van Waerbeke}, L. and {Semboloni}, E. and 
  {Heymans}, C. and {Pen}, U.-L.},
    title = "{Breaking the degeneracy: Optimal use of three-point weak lensing statistics}",
  journal = {Astroparticle Physics},
archivePrefix = "arXiv",
   eprint = {0905.3726},
 primaryClass = "astro-ph.CO",
     year = 2010,
    month = jan,
   volume = 32,
    pages = {340-351},
      doi = {10.1016/j.astropartphys.2009.10.003},
   adsurl = {http://adsabs.harvard.edu/abs/2010APh....32..340V},
  adsnote = {Provided by the SAO/NASA Astrophysics Data System}
}

%%%%%%%%%%%%%%%%%%%%%%%%%%%%%%%%%%%%%%%%%%%%%%%%%%%%%%%%%%%%%%%%%%%%%%%%%%%%%%%%%%%
%%%%%%%%%%%%%%%%%%%%%%%%%%%%Bispectra%%%%%%%%%%%%%%%%%%%%%%%%%%%%%%%%%%%%%%%%%%%%%%
%%%%%%%%%%%%%%%%%%%%%%%%%%%%%%%%%%%%%%%%%%%%%%%%%%%%%%%%%%%%%%%%%%%%%%%%%%%%%%%%%%%

@ARTICLE{bispectrum1,
   author = {{Takada}, M. and {Jain}, B.},
    title = "{Cosmological parameters from lensing power spectrum and bispectrum tomography}",
  journal = {\mnras},
   eprint = {astro-ph/0310125},
 keywords = {gravitational lensing, cosmology: theory, dark matter, large-scale structure of Universe},
     year = 2004,
    month = mar,
   volume = 348,
    pages = {897-915},
      doi = {10.1111/j.1365-2966.2004.07410.x},
   adsurl = {http://adsabs.harvard.edu/abs/2004MNRAS.348..897T},
  adsnote = {Provided by the SAO/NASA Astrophysics Data System}
}

@ARTICLE{bispectrum2,
   author = {{Dodelson}, S. and {Zhang}, P.},
    title = "{Weak lensing bispectrum}",
  journal = {\prd},
   eprint = {astro-ph/0501063},
 keywords = {Gravitational lenses and luminous arcs},
     year = 2005,
    month = oct,
   volume = 72,
   number = 8,
      eid = {083001},
    pages = {083001},
      doi = {10.1103/PhysRevD.72.083001},
   adsurl = {http://adsabs.harvard.edu/abs/2005PhRvD..72h3001D},
  adsnote = {Provided by the SAO/NASA Astrophysics Data System}
}

@ARTICLE{bispectrum3,
   author = {{Sefusatti}, E. and {Crocce}, M. and {Pueblas}, S. and {Scoccimarro}, R.
  },
    title = "{Cosmology and the bispectrum}",
  journal = {\prd},
   eprint = {astro-ph/0604505},
 keywords = {Superclusters, large-scale structure of the Universe, Distances redshifts radial velocities, spatial distribution of galaxies, Observational cosmology},
     year = 2006,
    month = jul,
   volume = 74,
   number = 2,
      eid = {023522},
    pages = {023522},
      doi = {10.1103/PhysRevD.74.023522},
   adsurl = {http://adsabs.harvard.edu/abs/2006PhRvD..74b3522S},
  adsnote = {Provided by the SAO/NASA Astrophysics Data System}
}

@ARTICLE{bispectrum4,
   author = {{Berg{\'e}}, J. and {Amara}, A. and {R{\'e}fr{\'e}gier}, A.},
    title = "{Optimal Capture of Non-Gaussianity in Weak-Lensing Surveys: Power Spectrum, Bispectrum, and Halo Counts}",
  journal = {\apj},
archivePrefix = "arXiv",
   eprint = {0909.0529},
 keywords = {cosmological parameters, gravitational lensing: weak, large-scale structure of universe},
     year = 2010,
    month = apr,
   volume = 712,
    pages = {992-1002},
      doi = {10.1088/0004-637X/712/2/992},
   adsurl = {http://adsabs.harvard.edu/abs/2010ApJ...712..992B},
  adsnote = {Provided by the SAO/NASA Astrophysics Data System}
}

%%%%%%%%%%%%%%%%%%%%%%%%%%%%%%%%%%%%%%%%%%%%%%%%%%%%%%%%%%%%%%%%%%%%%%%%%%%%%%%
%%%%%%%%%%%%%%%%%%%%%%%%%%%%Peaks%%%%%%%%%%%%%%%%%%%%%%%%%%%%%%%%%%%%%%%%%%%%%%
%%%%%%%%%%%%%%%%%%%%%%%%%%%%%%%%%%%%%%%%%%%%%%%%%%%%%%%%%%%%%%%%%%%%%%%%%%%%%%%

@ARTICLE{peaks1,
   author = {{Jain}, B. and {Van Waerbeke}, L.},
    title = "{Statistics of Dark Matter Halos from Gravitational Lensing}",
  journal = {\apjl},
   eprint = {astro-ph/9910459},
 keywords = {COSMOLOGY: THEORY, COSMOLOGY: GRAVITATIONAL LENSING, METHODS: NUMERICAL},
     year = 2000,
    month = feb,
   volume = 530,
    pages = {L1-L4},
      doi = {10.1086/312480},
   adsurl = {http://adsabs.harvard.edu/abs/2000ApJ...530L...1J},
  adsnote = {Provided by the SAO/NASA Astrophysics Data System}
}

@ARTICLE{peaks2,
   author = {{Marian}, L. and {Smith}, R.~E. and {Bernstein}, G.~M.},
    title = "{The Cosmology Dependence of Weak Lensing Cluster Counts}",
  journal = {\apjl},
archivePrefix = "arXiv",
   eprint = {0811.1991},
 keywords = {galaxies: clusters: general, large-scale structure of universe, methods: N-body simulations},
     year = 2009,
    month = jun,
   volume = 698,
    pages = {L33-L36},
      doi = {10.1088/0004-637X/698/1/L33},
   adsurl = {http://adsabs.harvard.edu/abs/2009ApJ...698L..33M},
  adsnote = {Provided by the SAO/NASA Astrophysics Data System}
}

@ARTICLE{peaks3,
   author = {{Maturi}, M. and {Angrick}, C. and {Pace}, F. and {Bartelmann}, M.
  },
    title = "{An analytic approach to number counts of weak-lensing peak detections}",
  journal = {\aap},
archivePrefix = "arXiv",
   eprint = {0907.1849},
 primaryClass = "astro-ph.CO",
 keywords = {cosmology: theory, large-scale structure of Universe, galaxies: clusters: general, gravitational lensing: weak},
     year = 2010,
    month = sep,
   volume = 519,
      eid = {A23},
    pages = {A23},
      doi = {10.1051/0004-6361/200912866},
   adsurl = {http://adsabs.harvard.edu/abs/2010A%26A...519A..23M},
  adsnote = {Provided by the SAO/NASA Astrophysics Data System}
}

@ARTICLE{peaks4,
   author = {{Yang}, X. and {Kratochvil}, J.~M. and {Wang}, S. and {Lim}, E.~A. and 
  {Haiman}, Z. and {May}, M.},
    title = "{Cosmological information in weak lensing peaks}",
  journal = {\prd},
archivePrefix = "arXiv",
   eprint = {1109.6333},
 primaryClass = "astro-ph.CO",
 keywords = {Cosmology, Dark energy, Astronomical catalogs atlases sky surveys databases retrieval systems archives etc., Galaxy clusters},
     year = 2011,
    month = aug,
   volume = 84,
   number = 4,
      eid = {043529},
    pages = {043529},
      doi = {10.1103/PhysRevD.84.043529},
   adsurl = {http://adsabs.harvard.edu/abs/2011PhRvD..84d3529Y},
  adsnote = {Provided by the SAO/NASA Astrophysics Data System}
}

@ARTICLE{peaks5,
   author = {{Marian}, L. and {Smith}, R.~E. and {Hilbert}, S. and {Schneider}, P.
  },
    title = "{The cosmological information of shear peaks: beyond the abundance}",
  journal = {\mnras},
archivePrefix = "arXiv",
   eprint = {1301.5001},
 primaryClass = "astro-ph.CO",
 keywords = {gravitational lensing: weak, galaxies: clusters: general, cosmological parameters, cosmology: theory, large-scale structure of Universe},
     year = 2013,
    month = jun,
   volume = 432,
    pages = {1338-1350},
      doi = {10.1093/mnras/stt552},
   adsurl = {http://adsabs.harvard.edu/abs/2013MNRAS.432.1338M},
  adsnote = {Provided by the SAO/NASA Astrophysics Data System}
}


@ARTICLE{peaks6,
   author = {{Bard}, D. and {Kratochvil}, J.~M. and {Chang}, C. and {May}, M. and 
  {Kahn}, S.~M. and {AlSayyad}, Y. and {Ahmad}, Z. and {Bankert}, J. and 
  {Connolly}, A. and {Gibson}, R.~R. and {Gilmore}, K. and {Grace}, E. and 
  {Haiman}, Z. and {Hannel}, M. and {Huffenberger}, K.~M. and 
  {Jernigan}, J.~G. and {Jones}, L. and {Krughoff}, S. and {Lorenz}, S. and 
  {Marshall}, S. and {Meert}, A. and {Nagarajan}, S. and {Peng}, E. and 
  {Peterson}, J. and {Rasmussen}, A.~P. and {Shmakova}, M. and 
  {Sylvestre}, N. and {Todd}, N. and {Young}, M.},
    title = "{Effect of Measurement Errors on Predicted Cosmological Constraints from Shear Peak Statistics with Large Synoptic Survey Telescope}",
  journal = {\apj},
archivePrefix = "arXiv",
   eprint = {1301.0830},
 primaryClass = "astro-ph.CO",
 keywords = {cosmological parameters, dark energy, gravitational lensing: weak, methods: statistical },
     year = 2013,
    month = sep,
   volume = 774,
      eid = {49},
    pages = {49},
      doi = {10.1088/0004-637X/774/1/49},
   adsurl = {http://adsabs.harvard.edu/abs/2013ApJ...774...49B},
  adsnote = {Provided by the SAO/NASA Astrophysics Data System}
}


@ARTICLE{CAMB,
   author = {{Lewis}, A. and {Challinor}, A. and {Lasenby}, A.},
    title = "{Efficient Computation of Cosmic Microwave Background Anisotropies in Closed Friedmann-Robertson-Walker Models}",
  journal = {\apj},
   eprint = {astro-ph/9911177},
 keywords = {Cosmology: Cosmic Microwave Background, Cosmology: Theory},
     year = 2000,
    month = aug,
   volume = 538,
    pages = {473-476},
      doi = {10.1086/309179},
   adsurl = {http://adsabs.harvard.edu/abs/2000ApJ...538..473L},
  adsnote = {Provided by the SAO/NASA Astrophysics Data System}
}


@ARTICLE{KHM2010,
   author = {{Kratochvil}, J.~M. and {Haiman}, Z. and {May}, M.},
    title = "{Probing cosmology with weak lensing peak counts}",
  journal = {\prd},
 primaryClass = "astro-ph.CO",
 keywords = {Cosmology, Dark energy, Astronomical catalogs, atlases, sky surveys, databases, retrieval systems, archives, etc., Superclusters; large-scale structure of the Universe},
     year = 2010,
    month = feb,
   volume = 81,
   number = 4,
    pages = {043519-+},
      doi = {10.1103/PhysRevD.81.043519},
   adsurl = {http://adsabs.harvard.edu/abs/2010PhRvD..81d3519K},
  adsnote = {Provided by the SAO/NASA Astrophysics Data System}
}
